%%%%%%%%%%%%%%%%%%%%%% Internet %%%%%%%%%%%%%%%%%%%%%%%%%



%%%%%%%%%%%%%%%%%%%%%% Articles %%%%%%%%%%%%%%%%%%%%%%%%%
@Book{NoceWrig06,
  Title                    = {Numerical Optimization},
  Author                   = {Jorge Nocedal and Stephen J. Wright},
  Publisher                = {Springer},
  Year                     = {2006},

  Address                  = {New York, NY, USA},
  Edition                  = {second}
}